@STRING{rest = "put the non-kwarc things here"}

@misc{URL:latex2rtf,crossref={URL:latex2rtf:base},key={L2R},
  howpublished = {\webpageat\url{http://www.tug.org/applications/latex2rtf/mn.html}}}
@online{latex2rtf:on,crossref={URL:latex2rtf:base},urldate = {2010-01-08},label={L2R}}
@Misc{URL:latex2rtf:base,
  title = {{\LaTeX} to {RTF} converter},
  url = {http://sourceforge.net/projects/latex2rtf/}}


